@article{
    automatic_genre_recognition,
    title = {Music Structure Analysis Statistics for Popular Songs},
    author = {Namunu C. Maddage and Li Haithou and Mohan S. Kankanhalli},
    publisher = {InTech},
    booktitle = {Recent Advances in Signal Processing},
    month = {November},
    year = {2009},
}

@article{
    social_tagging_music,
    title = {SOCIAL TAGGING AND MUSIC INFORMATION RETRIEVAL},
    author = {Paul Lamere},
    year = {2009},
    howpublished="\url{https://musicmachinery.files.wordpress.com/2009/05/v2_jnmr_social_tagging_intro.pdf}",
    note="[navštívené 24 apríla 2015]"
}

@article{
    2,
    title = {Automatic Musical Genre Classification Of Audio Signals},
    author = {George Tzanetakis and Georg Essl and Perry Cook},
    url = {http://ismir2001.ismir.net/pdf/tzanetakis.pdf},
}

@article{
    3,
    title = {THE MUSIC ONTOLOGY},
    author = {Yves Raimond and Samer Abdallah and Mark Sandler},
    publisher = {Centre for Digital Music Queen Mary, University of London},
    year = {2007},
}

@inproceedings{
    basic_user_profiles,
    title = {User Profiles for Personalized Information Access},
    publisher = {School of Information Sciences University of Pittsburgh, USA},
    institution = {School of Information Sciences University of Pittsburgh},
    author = {Peter Brusilovsky},
    year = {2009},
}

@article{
    5,
    author = {Karin Kosina},
    title = {Music genre recognition},
    year = {2002},
    url = {http://www.music.mcgill.ca/~ich/classes/mumt614/similarity/KosinaMusicGenreRec.pdf}
}

@article{
    6,
    title = {Nonlinear P´olya Urn Models and Self-Organizing Processes},
    author = {Tong Zhu},
    year = {2009},
    url = {http://www.math.upenn.edu/grad/dissertations/tongzhudissertation.pdf}
}

@article{
    7,
    title = {Exponential Growth and Decay},
    author = {Kiryl Tsishchanka},
    year = {2010},
    url = {https://cims.nyu.edu/~kiryl/Calculus/Section_3.4--Exponential_Growth_and_Decay/Exponential_Growth_and_Decay.pdf}
}

@article{
    8,
    title = {Scalable Distributed Inference of Dynamic User Interests for Behavioral Targeting},
    author = {Amr Ahmed and Yucheng Low and Mohamed Aly and Vanja Josifovski and Alexander J. Smola},
    year = {2011},
    month = {august}
}

@article{
    9,
    title = {Document Ranking and the Vector-Space Model},
    author = {DIK L. LEE},
    year = {1997},
    url = {https://www.cse.ust.hk/~dlee/Papers/ir/ieee-sw-rank.pdf}
}

@article{
    10,
    title = {Odporúčanie s využitím osobných vyjadrení},
    author = {Gašpar Peter},
    year = {2014}
}

@article{
    11,
    title = {Content-Boosted Collaborative Filtering for Improved Recommendations},
    author = {Prem Melville and Raymond J. Mooney and Ramadass Nagarajan},
    year = {2002}
}

@book{
    12,
    title = {Fundamentalls of musical composition},
    author = {Arnold Schoenberg},
    year = {1967},
    publisher = {Faber and Faber Limited},
    isbn = {571092764}
}

@article{
    13,
    title = {Personalized Recommendation on Dynamic Content Using Predictive Bilinear Models}
    author = {Wei Chu and Seung-Taek Park},
    year = {2009},
}

@unpublished{
    vector_space_model,
    title={Introduction to Information Retrieval},
    author={Hinrich Sch¨utze},
    howpublished="\url{http://nlp.stanford.edu/IR-book/essir2011/pdf/vspace.pdf}",
    note="[navštívené 6 januara 2015]",
    year={2011}
}

@unpublished{
    probability_ir,
    title={Probabilistic Information Retrieval Part 1: Survey},
    author={Alexander Dekhtyar},
    howpublished="\url{http://web.stanford.edu/class/cs276/handouts/lecture11-probir.pptx}",
    note="[navštívené 10 januara 2015]",
    year={2000}
}

@article{
    modified_bm25,
    title={Quantifying query ambiguity},
    author={S. Cronen-Townsend and W. B. Croft},
    year={2002}
}

@article{
    long_term_profile,
    title={Presonalizing Web Search using Long Term Borwsing History},
    author={Nicolaas Matthijs and Filip Fadlinski},
    howpublished="\url{http://research.microsoft.com/pubs/139933/MatthijsRadlinski_WSDM2011.pdf}",
    note="[navštívené 1 mája 2015}",
    year={2011}
}

@inbook{
    recommender_categories,
    title={RECOMMENDER SYSTEMS HANDBOOK},
    author={Francesc Ricci and Lior Rokach and Bracha Shapira and Paul B. Kantor},
    editor={Francesc Ricci and Lior Rokach and Bracha Shapira and Paul B. Kantor},
    chapter={Recommendation Techniques},
    pages={11 - 14},
    publisher={Springer New York Dordrecht Heidelberg London},
    howpublished="\url{http://www.cs.bme.hu/nagyadat/Recommender_systems_handbook.pdf}",
    note="[navštívené 1 máj 2015]"
}

@article{
    pivoted_doc_len,
    title={Pivoted Document Length Normalization},
    author={Amit Singhal and Chris Buckley and Mandar Mitra},
    url={http://singhal.info/pivoted-dln.pdf},
    year={1996}
}

@article{
    music_genres_problematics,
    title={A THEORY OF MUSICAL GENRES: TWO APPLICATIONS},
    author={Franco Fabbri},
    year={1980},
    jurnal={Popular Music Perspectives},
    howpublished="\url{http://www.hugoribeiro.com.br/biblioteca-digital/Fabbri-Musical_Genres.pdf}",
    note="[navštívené 27 apríla 2015]"
}

@article {
    semantic_networks,
    title={Semantic Networks},
    author={John F. Sowa},
    jurnal={Encyclopedia of Artificial Intelligence},
    howpublished="\url{http://www.jfsowa.com/pubs/semnet.pdf}",
    note="[navštívené 4 februára 2015]"
}

@article {
    beyesian_networks,
    title={Bayesovské siete},
    author={Martin Darula},
    howpublished="\url{http://www2.fiit.stuba.sk/~kapustik/ZS/Clanky0607/darula/index.html}",
    note="[navštívené 9 máj 2015]"
}

